<?xml version="1.0" encoding="UTF-8"?>
<SOAP-ENV:Envelope xmlns:SOAP-ENV="http://schemas.xmlsoap.org/soap/envelope/" xmlns:of="http://oss.dbc.dk/ns/openformat" xmlns:ofo="http://oss.dbc.dk/ns/openformatoutput"><SOAP-ENV:Body><of:formatResponse><marc:record xmlns:marc="http://www.loc.gov/MARC21/slim"><leader>00000njc a22000000c 4500</leader><controlfield tag="001">870970:28608241</controlfield><controlfield tag="003">DKDLA</controlfield><controlfield tag="005">20110209113541.0</controlfield><controlfield tag="007">s|||||||||||||</controlfield><controlfield tag="008">110118s2011    dk |||||||||||||||||   ||</controlfield><datafield ind1=" " ind2="0" tag="245"><subfield code="a">20!</subfield></datafield><datafield ind1=" " ind2=" " tag="260"><subfield code="b">Concerto Copenhagen :</subfield><subfield code="b">DR,</subfield><subfield code="c">[2011], p 2010</subfield></datafield><datafield ind1=" " ind2=" " tag="300"><subfield code="a">1 cd +</subfield><subfield code="e">1 kommentarbilag</subfield></datafield><datafield ind1="1" ind2=" " tag="700"><subfield code="a">Bernardini, Alfredo</subfield></datafield><datafield ind1="1" ind2=" " tag="700"><subfield code="a">Fich, Karin</subfield></datafield><datafield ind1="1" ind2=" " tag="700"><subfield code="a">Goebel, Reinhard</subfield></datafield><datafield ind1="1" ind2=" " tag="700"><subfield code="a">Henriksson, Lars</subfield></datafield><datafield ind1="1" ind2=" " tag="700"><subfield code="a">Lawrence-King, Andrew</subfield></datafield><datafield ind1="1" ind2=" " tag="700"><subfield code="a">Licht, Nikolaj de Fine</subfield></datafield><datafield ind1="1" ind2=" " tag="700"><subfield code="a">Linden, Jaap van ter</subfield></datafield><datafield ind1="1" ind2=" " tag="700"><subfield code="a">Manze, Andrew</subfield></datafield><datafield ind1="1" ind2=" " tag="700"><subfield code="a">Mortensen, Lars Ulrik,</subfield><subfield code="d">f. 1955</subfield></datafield><datafield ind1="1" ind2=" " tag="700"><subfield code="a">Semmingsen, Tuva</subfield></datafield><datafield ind1="0" ind2=" " tag="710"><subfield code="a">Concerto Copenhagen</subfield></datafield></marc:record></of:formatResponse></SOAP-ENV:Body></SOAP-ENV:Envelope>
